@ARTICLE{sanchez-2020-automatic-classification,
  author={Rodríguez-Sánchez, Francisco and Carrillo-de-Albornoz, Jorge and Plaza, Laura},
  journal={IEEE Access}, 
  title={Automatic Classification of Sexism in Social Networks: An Empirical Study on Twitter Data}, 
  year={2020},
  volume={8},
  number={},
  pages={219563-219576},
  doi={10.1109/ACCESS.2020.3042604}}

@article{wei2019eda,
  title={Eda: Easy data augmentation techniques for boosting performance on text classification tasks},
  author={Wei, Jason and Zou, Kai},
  journal={arXiv preprint arXiv:1901.11196},
  year={2019}
}

@article{amini2022self,
  title={Self-training: A survey},
  author={Amini, Massih-Reza and Feofanov, Vasilii and Pauletto, Loic and Devijver, Emilie and Maximov, Yury},
  journal={arXiv preprint arXiv:2202.12040},
  year={2022}
}

@misc{ma2019nlpaug,
  title={NLP Augmentation},
  author={Edward Ma},
  howpublished={https://github.com/makcedward/nlpaug},
  year={2019}
}

@inproceedings{edos2023semeval,
  title = {{{SemEval-2023 Task}} 10: {{Explainable Detection}} of {{Online Sexism}}},
  booktitle = {Proceedings of the 17th {{International Workshop}} on {{Semantic Evaluation}} ({{SemEval-2023}})},
publisher = {{Association for Computational Linguistics}},
  author = {Kirk, Hannah Rose and Yin, Wenjie and Vidgen, Bertie and R{\"o}ttger, Paul},
  year = {2023}
}
@inproceedings{vidgen-etal-2019-challenges,
    title = "Challenges and frontiers in abusive content detection",
    author = "Vidgen, Bertie  and
      Harris, Alex  and
      Nguyen, Dong  and
      Tromble, Rebekah  and
      Hale, Scott  and
      Margetts, Helen",
    booktitle = "Proceedings of the Third Workshop on Abusive Language Online",
    month = aug,
    year = "2019",
    address = "Florence, Italy",
    publisher = "Association for Computational Linguistics",
    url = "https://aclanthology.org/W19-3509",
    doi = "10.18653/v1/W19-3509",
    pages = "80--93",
    abstract = "Online abusive content detection is an inherently difficult task. It has received considerable attention from academia, particularly within the computational linguistics community, and performance appears to have improved as the field has matured. However, considerable challenges and unaddressed frontiers remain, spanning technical, social and ethical dimensions. These issues constrain the performance, efficiency and generalizability of abusive content detection systems. In this article we delineate and clarify the main challenges and frontiers in the field, critically evaluate their implications and discuss potential solutions. We also highlight ways in which social scientific insights can advance research. We discuss the lack of support given to researchers working with abusive content and provide guidelines for ethical research.",
}
@inproceedings{Jha2017WhenDA,
  title={When does a compliment become sexist? Analysis and classification of ambivalent sexism using twitter data},
  author={Akshita Jha and R. Mamidi},
  booktitle={NLP+CSS@ACL},
  year={2017}
}
@misc{huang-bi-lstm,
  doi = {10.48550/ARXIV.1508.01991},
  url = {https://arxiv.org/abs/1508.01991},
  author = {Huang, Zhiheng and Xu, Wei and Yu, Kai},
  keywords = {Computation and Language (cs.CL), FOS: Computer and information sciences, FOS: Computer and information sciences},
  title = {Bidirectional LSTM-CRF Models for Sequence Tagging},
  publisher = {arXiv},
  year = {2015},
  copyright = {arXiv.org perpetual, non-exclusive license}
}
@misc{sanh-distill-bert,
  doi = {10.48550/ARXIV.1910.01108},
  url = {https://arxiv.org/abs/1910.01108},
  author = {Sanh, Victor and Debut, Lysandre and Chaumond, Julien and Wolf, Thomas},
  keywords = {Computation and Language (cs.CL), FOS: Computer and information sciences, FOS: Computer and information sciences},
  title = {DistilBERT, a distilled version of BERT: smaller, faster, cheaper and lighter},
  publisher = {arXiv},
  year = {2019},
  copyright = {arXiv.org perpetual, non-exclusive license}
}
@misc{chefer-generic-attention-xplainability,
  doi = {10.48550/ARXIV.2103.15679},
  url = {https://arxiv.org/abs/2103.15679},
  author = {Chefer, Hila and Gur, Shir and Wolf, Lior},
  keywords = {Computer Vision and Pattern Recognition (cs.CV), Machine Learning (cs.LG), FOS: Computer and information sciences, FOS: Computer and information sciences},
  title = {Generic Attention-model Explainability for Interpreting Bi-Modal and Encoder-Decoder Transformers},
  publisher = {arXiv},
  year = {2021},
  copyright = {Creative Commons Attribution 4.0 International}
}
@misc{lundberg-shap-values,
  doi = {10.48550/ARXIV.1705.07874},
  url = {https://arxiv.org/abs/1705.07874},
  author = {Lundberg, Scott and Lee, Su-In},
  keywords = {Artificial Intelligence (cs.AI), Machine Learning (cs.LG), Machine Learning (stat.ML), FOS: Computer and information sciences, FOS: Computer and information sciences},
  title = {A Unified Approach to Interpreting Model Predictions},
  publisher = {arXiv},
  year = {2017},
  copyright = {arXiv.org perpetual, non-exclusive license}
}
@misc{liu-generative-xplainable-nlp,
  doi = {10.48550/ARXIV.1811.00196},
  url = {https://arxiv.org/abs/1811.00196},
  author = {Liu, Hui and Yin, Qingyu and Wang, William Yang},
  keywords = {Computation and Language (cs.CL), Artificial Intelligence (cs.AI), Machine Learning (cs.LG), Neural and Evolutionary Computing (cs.NE), FOS: Computer and information sciences, FOS: Computer and information sciences},
  title = {Towards Explainable NLP: A Generative Explanation Framework for Text Classification},
  publisher = {arXiv},
  year = {2018},
  copyright = {arXiv.org perpetual, non-exclusive license}
}
@misc{akiba-optuna,
  doi = {10.48550/ARXIV.1907.10902},
  url = {https://arxiv.org/abs/1907.10902},
  author = {Akiba, Takuya and Sano, Shotaro and Yanase, Toshihiko and Ohta, Takeru and Koyama, Masanori},
  keywords = {Machine Learning (cs.LG), Machine Learning (stat.ML), FOS: Computer and information sciences, FOS: Computer and information sciences},
  title = {Optuna: A Next-generation Hyperparameter Optimization Framework},
  publisher = {arXiv},
  year = {2019},
  copyright = {arXiv.org perpetual, non-exclusive license}
}
@misc{rojas-efficient-hierarchical-classification,
  doi = {10.48550/ARXIV.2005.02473},
  url = {https://arxiv.org/abs/2005.02473},
  author = {Rojas, Kervy Rivas and Bustamante, Gina and Oncevay, Arturo and Cabezudo, Marco A. Sobrevilla},
  keywords = {Computation and Language (cs.CL), FOS: Computer and information sciences, FOS: Computer and information sciences},
  title = {Efficient strategies for hierarchical text classification: External knowledge and auxiliary tasks},
  publisher = {arXiv},
  year = {2020},
  copyright = {arXiv.org perpetual, non-exclusive license}
}
@misc{corbeil-backtranslation-augmentation,
  doi = {10.48550/ARXIV.2009.12452},
  url = {https://arxiv.org/abs/2009.12452},
  author = {Corbeil, Jean-Philippe and Ghadivel, Hadi Abdi},
  keywords = {Computation and Language (cs.CL), FOS: Computer and information sciences, FOS: Computer and information sciences, 68T50},
  title = {BET: A Backtranslation Approach for Easy Data Augmentation in Transformer-based Paraphrase Identification Context},
  publisher = {arXiv},
  year = {2020},
  copyright = {arXiv.org perpetual, non-exclusive license}
}
@article{Vidgen_2020,
	doi = {10.1371/journal.pone.0243300},
	url = {https://doi.org/10.1371%2Fjournal.pone.0243300},
	year = 2020,
	month = {dec},
	publisher = {Public Library of Science ({PLoS})},
	volume = {15},
	number = {12},
	pages = {e0243300},
	author = {Bertie Vidgen and Leon Derczynski},
	editor = {Natalia Grabar},
	title = {Directions in abusive language training data, a systematic review: Garbage in, garbage out},
	journal = {{PLOS} {ONE}
}
}}
@inproceedings{RodrguezSnchez2021OverviewOE-iberlef2021,
  title={Overview of EXIST 2021: sEXism Identification in Social neTworks},
  author={Francisco Rodr{\'i}guez‐S{\'a}nchez and Jorge Carrillo-de-Albornoz and Laura Plaza and Julio Gonzalo and Paolo Rosso and Miriam Comet and Trinidad Donoso},
  booktitle={Proces. del Leng. Natural},
  year={2021}
}


@misc{danilevsky2020survey-XAI,
      title={A Survey of the State of Explainable AI for Natural Language Processing}, 
      author={Marina Danilevsky and Kun Qian and Ranit Aharonov and Yannis Katsis and Ban Kawas and Prithviraj Sen},
      year={2020},
      eprint={2010.00711},
      archivePrefix={arXiv},
      primaryClass={cs.CL}
}
@misc{wandb,
title = {Experiment Tracking with Weights and Biases},
year = {2020},
note = {Software available from wandb.com},
url={https://www.wandb.com/},
author = {Biewald, Lukas},
}

@article{Kalra_BERT_MultiCNN,
  author    = {Amikul Kalra and
               Arkaitz Zubiaga},
  title     = {Sexism Identification in Tweets and Gabs using Deep Neural Networks},
  journal   = {CoRR},
  volume    = {abs/2111.03612},
  year      = {2021},
  url       = {https://arxiv.org/abs/2111.03612},
  eprinttype = {arXiv},
  eprint    = {2111.03612},
  timestamp = {Wed, 10 Nov 2021 16:07:30 +0100},
  biburl    = {https://dblp.org/rec/journals/corr/abs-2111-03612.bib},
  bibsource = {dblp computer science bibliography, https://dblp.org}
}

@inproceedings{Abburi_biLSTM_BERT,
author = {Abburi, Harika and Parikh, Pulkit and Chhaya, Niyati and Varma, Vasudeva},
title = {Fine-Grained Multi-Label Sexism Classification Using Semi-Supervised Learning},
year = {2020},
isbn = {978-3-030-62007-3},
publisher = {Springer-Verlag},
address = {Berlin, Heidelberg},
url = {https://doi.org/10.1007/978-3-030-62008-0_37},
doi = {10.1007/978-3-030-62008-0_37},
booktitle = {Web Information Systems Engineering – WISE 2020: 21st International Conference, Amsterdam, The Netherlands, October 20–24, 2020, Proceedings, Part II},
pages = {531–547},
numpages = {17},
keywords = {Semi-supervised learning, Multi-label classification, Fine-grained categorization, Sexism classification},
location = {Amsterdam, The Netherlands}
}

@inproceedings{Abburi_RoBERTa,
  title={Knowledge-based Neural Framework for Sexism Detection and Classification},
  author={Harika Abburi and Shradha Sehgal and Himanshu Maheshwari and Vasudeva Varma},
  booktitle={IberLEF@SEPLN},
  year={2021}
}

@inproceedings{Gersome_LaBSE_BERT,
author = {Gersome, Shimi and Mahibha, Jerin and Thenmozhi, Durairaj},
year = {2022},
month = {09},
pages = {},
title = {Sexism Identification In Social Media Using Deep Learning Models}
}

@inproceedings{Xiang_tweets,
author = {Xiang, Guang and Fan, Bin and Wang, Ling and Hong, Jason and Rose, Carolyn},
title = {Detecting Offensive Tweets via Topical Feature Discovery over a Large Scale Twitter Corpus},
year = {2012},
isbn = {9781450311564},
publisher = {Association for Computing Machinery},
address = {New York, NY, USA},
url = {https://doi.org/10.1145/2396761.2398556},
doi = {10.1145/2396761.2398556},
booktitle = {Proceedings of the 21st ACM International Conference on Information and Knowledge Management},
pages = {1980–1984},
numpages = {5},
keywords = {hadoop, machine learning, twitter, topic modeling},
location = {Maui, Hawaii, USA},
series = {CIKM '12}
}

@unpublished{spacy,
    AUTHOR = {Honnibal, Matthew and Montani, Ines},
    TITLE  = {{spaCy 2}: Natural language understanding with {B}loom embeddings, convolutional neural networks and incremental parsing},
    YEAR   = {2017},
    Note   = {To appear}
}
@misc{pedregosa2018scikitlearn,
      title={Scikit-learn: Machine Learning in Python}, 
      author={Fabian Pedregosa and Gaël Varoquaux and Alexandre Gramfort and Vincent Michel and Bertrand Thirion and Olivier Grisel and Mathieu Blondel and Andreas Müller and Joel Nothman and Gilles Louppe and Peter Prettenhofer and Ron Weiss and Vincent Dubourg and Jake Vanderplas and Alexandre Passos and David Cournapeau and Matthieu Brucher and Matthieu Perrot and Édouard Duchesnay},
      year={2018},
      eprint={1201.0490},
      archivePrefix={arXiv},
      primaryClass={cs.LG}
}
@software{Falcon_PyTorch_Lightning_2019,
author = {Falcon, William and {The PyTorch Lightning team}},
doi = {10.5281/zenodo.3828935},
license = {Apache-2.0},
month = {3},
title = {{PyTorch Lightning}},
url = {https://github.com/Lightning-AI/lightning},
version = {1.4},
year = {2019}
}
@INPROCEEDINGS{bi-lstm,
  author={Graves, A. and Schmidhuber, J.},
  booktitle={Proceedings. 2005 IEEE International Joint Conference on Neural Networks, 2005.}, 
  title={Framewise phoneme classification with bidirectional LSTM networks}, 
  year={2005},
  volume={4},
  number={},
  pages={2047-2052 vol. 4},
  doi={10.1109/IJCNN.2005.1556215}}
@article{lstm,
author = {Hochreiter, Sepp and Schmidhuber, Jürgen},
year = {1997},
month = {12},
pages = {1735-80},
title = {Long Short-term Memory},
volume = {9},
journal = {Neural computation},
doi = {10.1162/neco.1997.9.8.1735}
}
@misc{loshchilov2019decoupled_adamw,
      title={Decoupled Weight Decay Regularization}, 
      author={Ilya Loshchilov and Frank Hutter},
      year={2019},
      eprint={1711.05101},
      archivePrefix={arXiv},
      primaryClass={cs.LG}
}
@misc{vaswani2017attention,
      title={Attention Is All You Need}, 
      author={Ashish Vaswani and Noam Shazeer and Niki Parmar and Jakob Uszkoreit and Llion Jones and Aidan N. Gomez and Lukasz Kaiser and Illia Polosukhin},
      year={2017},
      eprint={1706.03762},
      archivePrefix={arXiv},
      primaryClass={cs.CL}
}
@misc{devlin2019bert,
      title={BERT: Pre-training of Deep Bidirectional Transformers for Language Understanding}, 
      author={Jacob Devlin and Ming-Wei Chang and Kenton Lee and Kristina Toutanova},
      year={2019},
      eprint={1810.04805},
      archivePrefix={arXiv},
      primaryClass={cs.CL}
}
@misc{liu2019roberta,
      title={RoBERTa: A Robustly Optimized BERT Pretraining Approach}, 
      author={Yinhan Liu and Myle Ott and Naman Goyal and Jingfei Du and Mandar Joshi and Danqi Chen and Omer Levy and Mike Lewis and Luke Zettlemoyer and Veselin Stoyanov},
      year={2019},
      eprint={1907.11692},
      archivePrefix={arXiv},
      primaryClass={cs.CL}
}
@misc{sanh2020distilbert,
      title={DistilBERT, a distilled version of BERT: smaller, faster, cheaper and lighter}, 
      author={Victor Sanh and Lysandre Debut and Julien Chaumond and Thomas Wolf},
      year={2020},
      eprint={1910.01108},
      archivePrefix={arXiv},
      primaryClass={cs.CL}
}
@misc{wolf2020huggingfaces,
      title={HuggingFace's Transformers: State-of-the-art Natural Language Processing}, 
      author={Thomas Wolf and Lysandre Debut and Victor Sanh and Julien Chaumond and Clement Delangue and Anthony Moi and Pierric Cistac and Tim Rault and Rémi Louf and Morgan Funtowicz and Joe Davison and Sam Shleifer and Patrick von Platen and Clara Ma and Yacine Jernite and Julien Plu and Canwen Xu and Teven Le Scao and Sylvain Gugger and Mariama Drame and Quentin Lhoest and Alexander M. Rush},
      year={2020},
      eprint={1910.03771},
      archivePrefix={arXiv},
      primaryClass={cs.CL}
}
@INPROCEEDINGS{parent-level-hierarchical,
  author={Kowsari, Kamran and Brown, Donald E. and Heidarysafa, Mojtaba and Jafari Meimandi, Kiana and Gerber, Matthew S. and Barnes, Laura E.},
  booktitle={2017 16th IEEE International Conference on Machine Learning and Applications (ICMLA)}, 
  title={HDLTex: Hierarchical Deep Learning for Text Classification}, 
  year={2017},
  volume={},
  number={},
  pages={364-371},
  doi={10.1109/ICMLA.2017.0-134}}

@inproceedings{freitag-al-onaizan-2017-beam,
    title = "Beam Search Strategies for Neural Machine Translation",
    author = "Freitag, Markus  and
      Al-Onaizan, Yaser",
    booktitle = "Proceedings of the First Workshop on Neural Machine Translation",
    month = aug,
    year = "2017",
    address = "Vancouver",
    publisher = "Association for Computational Linguistics",
    url = "https://aclanthology.org/W17-3207",
    doi = "10.18653/v1/W17-3207",
    pages = "56--60",
}
@misc{rojas2020efficient,
      title={Efficient strategies for hierarchical text classification: External knowledge and auxiliary tasks}, 
      author={Kervy Rivas Rojas and Gina Bustamante and Arturo Oncevay and Marco A. Sobrevilla Cabezudo},
      year={2020},
      eprint={2005.02473},
      archivePrefix={arXiv},
      primaryClass={cs.CL}
}
@article{HTC-overview-silla,
author = {Silla, Carlos N. and Freitas, Alex A.},
title = {A Survey of Hierarchical Classification across Different Application Domains},
year = {2011},
issue_date = {January   2011},
publisher = {Kluwer Academic Publishers},
address = {USA},
volume = {22},
number = {1–2},
issn = {1384-5810},
url = {https://doi.org/10.1007/s10618-010-0175-9},
doi = {10.1007/s10618-010-0175-9},
journal = {Data Min. Knowl. Discov.},
month = {jan},
pages = {31–72},
numpages = {42},
keywords = {Tree-structured class hierarchies, Hierarchical classification, DAG-structured class hierarchies}
}
@inproceedings{liu-etal-2019-neuralclassifier,
    title = "{N}eural{C}lassifier: An Open-source Neural Hierarchical Multi-label Text Classification Toolkit",
    author = "Liu, Liqun  and
      Mu, Funan  and
      Li, Pengyu  and
      Mu, Xin  and
      Tang, Jing  and
      Ai, Xingsheng  and
      Fu, Ran  and
      Wang, Lifeng  and
      Zhou, Xing",
    booktitle = "Proceedings of the 57th Annual Meeting of the Association for Computational Linguistics: System Demonstrations",
    month = jul,
    year = "2019",
    address = "Florence, Italy",
    publisher = "Association for Computational Linguistics",
    url = "https://aclanthology.org/P19-3015",
    doi = "10.18653/v1/P19-3015",
    pages = "87--92",
}

@misc{streamlit,
  author = {Streamlit},
  title = {Streamlit},
  year = {2023},
  url = {https://streamlit.io/}
}
@misc{shap,
      title={A Unified Approach to Interpreting Model Predictions}, 
      author={Scott Lundberg and Su-In Lee},
      year={2017},
      eprint={1705.07874},
      archivePrefix={arXiv},
      primaryClass={cs.AI}
}
@misc{chatterjee2021joint,
      title={Joint Learning of Hyperbolic Label Embeddings for Hierarchical Multi-label Classification}, 
      author={Soumya Chatterjee and Ayush Maheshwari and Ganesh Ramakrishnan and Saketha Nath Jagaralpudi},
      year={2021},
      eprint={2101.04997},
      archivePrefix={arXiv},
      primaryClass={cs.LG}
}
@misc{touvron2023llama,
      title={LLaMA: Open and Efficient Foundation Language Models}, 
      author={Hugo Touvron and Thibaut Lavril and Gautier Izacard and Xavier Martinet and Marie-Anne Lachaux and Timothée Lacroix and Baptiste Rozière and Naman Goyal and Eric Hambro and Faisal Azhar and Aurelien Rodriguez and Armand Joulin and Edouard Grave and Guillaume Lample},
      year={2023},
      eprint={2302.13971},
      archivePrefix={arXiv},
      primaryClass={cs.CL}
}
@misc{openai2023gpt4,
      title={GPT-4 Technical Report}, 
      author={OpenAI},
      year={2023},
      eprint={2303.08774},
      archivePrefix={arXiv},
      primaryClass={cs.CL}
}